<record><leader>00000cas a22000007a 4500</leader><controlfield tag="001">28492230</controlfield><controlfield tag="008">930723d19741984caudr ne      0    0eng d</controlfield><datafield ind1=" " ind2=" " tag="010"><subfield code="a">sn 93051530 </subfield></datafield><datafield ind1=" " ind2=" " tag="040"><subfield code="a">CUY</subfield><subfield code="b">eng</subfield><subfield code="c">CNK</subfield><subfield code="d">OCLCQ</subfield><subfield code="d">OCLCF</subfield><subfield code="d">OCLCO</subfield></datafield><datafield ind1="1" ind2=" " tag="029"><subfield code="a">AU@</subfield><subfield code="b">000025894434</subfield></datafield><datafield ind1=" " ind2=" " tag="042"><subfield code="a">msc</subfield></datafield><datafield ind1="0" ind2=" " tag="130"><subfield code="a">Times-herald (Vallejo, Calif.)</subfield></datafield><datafield ind1="0" ind2="4" tag="245"><subfield code="a">The times-herald.</subfield></datafield><datafield ind1="3" ind2="0" tag="246"><subfield code="a">Sunday times-herald</subfield></datafield><datafield ind1="3" ind2=" " tag="246"><subfield code="a">Times herald</subfield></datafield><datafield ind1=" " ind2=" " tag="260"><subfield code="a">Vallejo, Calif. :</subfield><subfield code="b">Luther E. Gibson</subfield></datafield><datafield ind1=" " ind2=" " tag="300"><subfield code="a">v.</subfield></datafield><datafield ind1=" " ind2=" " tag="310"><subfield code="a">Daily</subfield></datafield><datafield ind1="0" ind2=" " tag="362"><subfield code="a">99th year, no. 209 (Aug. 7, 1974)-108th year, no. 366 (Dec. 31, 1984).</subfield></datafield><datafield ind1=" " ind2=" " tag="500"><subfield code="a">On Sundays published as: Sunday times-herald, Aug. 11, 1974-Aug. 28, 1977.</subfield></datafield><datafield ind1=" " ind2=" " tag="580"><subfield code="a">Strike paper: V.I.P., 1978-&lt;1982&gt;</subfield></datafield><datafield ind1=" " ind2="0" tag="651"><subfield code="a">Vallejo (Calif.)</subfield><subfield code="v">Newspapers.</subfield></datafield><datafield ind1=" " ind2="7" tag="655"><subfield code="a">Newspapers.</subfield><subfield code="2">fast</subfield><subfield code="0">(OCoLC)fst01423814</subfield></datafield><datafield ind1=" " ind2="7" tag="651"><subfield code="a">California</subfield><subfield code="z">Vallejo.</subfield><subfield code="2">fast</subfield><subfield code="0">(OCoLC)fst01206764</subfield></datafield><datafield ind1=" " ind2=" " tag="752"><subfield code="a">United States</subfield><subfield code="b">California</subfield><subfield code="c">Solano</subfield><subfield code="d">Vallejo.</subfield></datafield><datafield ind1="0" ind2=" " tag="775"><subfield code="t">Solano-Napa news chronicle</subfield><subfield code="w">(DLC)sn 93051523</subfield></datafield><datafield ind1="0" ind2=" " tag="775"><subfield code="t">News chronicle (Vallejo, Calif.)</subfield><subfield code="w">(DLC)sn 94052835</subfield></datafield><datafield ind1="0" ind2="0" tag="780"><subfield code="t">Vallejo times-herald (Vallejo, Calif. : 1951)</subfield><subfield code="w">(DLC)sn 93051529</subfield></datafield><datafield ind1="0" ind2="0" tag="785"><subfield code="t">Vallejo times-herald (Vallejo, Calif. : 1985)</subfield><subfield code="w">(DLC)sn 93051531</subfield></datafield><datafield ind1="1" ind2=" " tag="787"><subfield code="t">V.I.P.</subfield><subfield code="w">(DLC)sn 84025950</subfield></datafield></record>